@inproceedings{pennington-etal-2014-glove,
    title = "{G}lo{V}e: Global Vectors for Word Representation",
    author = "Pennington, Jeffrey  and
      Socher, Richard  and
      Manning, Christopher",
    booktitle = "Proceedings of the 2014 Conference on Empirical Methods in Natural Language Processing ({EMNLP})",
    month = oct,
    year = "2014",
    address = "Doha, Qatar",
    publisher = "Association for Computational Linguistics",
    url = "https://aclanthology.org/D14-1162",
    doi = "10.3115/v1/D14-1162",
    pages = "1532--1543",
}



@article{arXiv:2004.06465,
  doi = {10.48550/arXiv.2004.06465},
  url = {https://arxiv.org/abs/2004.06465},
  author = {Sai Saketh Aluru, Binny Mathew, Punyajoy Saha and Animesh Mukherjee},
  title = {Deep Learning Models for Multilingual Hate Speech Detection},
  publisher = {arXiv},
  year = {2020},
  copyright = {arXiv.org perpetual, non-exclusive license}
}



@article{2020.emnlp-demos.2,
  doi = {10.18653/v1/2020.emnlp-demos.2},
  url = {https://aclanthology.org/2020.emnlp-demos.2/},
  author = {Dat Quoc Nguyen, Thanh Vu and Anh Tuan Nguyen},
  title = {BERTweet: A pre-trained language model for English Tweets},
  publisher = {Association for Computational Linguistics},
  year = {2020}
}