@article{arXiv.2404.14219,
  doi = {10.48550/arXiv.2404.14219},
  url = {https://arxiv.org/abs/2404.14219},
  author = {Marah Abdin, Jyoti Aneja, Hany Awadalla and others},
  title = {Phi-3 Technical Report: A Highly Capable Language Model Locally on Your Phone},
  publisher = {arXiv},
  journal = {arXiv},
  year = {2024},
  copyright = {arXiv.org perpetual, non-exclusive license}
}



@article{arXiv:2310.06825,
  doi = {10.48550/arXiv.2310.06825},
  url = {https://arxiv.org/abs/2310.06825},
  author = {Albert Q. Jiang, Alexandre Sablayrolles, Arthur Mensch and others},
  title = {Mistral 7B},
  publisher = {arXiv},
  journal = {arXiv},
  year = {2023}
}